
@phdthesis{Si09,
    longauthor = "Paulo Filipe Ara√∫jo da Silva",
    author = "P.F. Silva",
    title = "{On the Design of a Galculator}",
    school = "University of Minho",
    month = may,
    year = 2009
}

@inproceedings{SO08,
 author = {P.F. Silva and J.N. Oliveira},
 longauthor = {Paulo F. Silva and Jos\'{e} N. Oliveira},
 title = {{'Galculator'}: functional prototype of a {G}alois-connection based proof assistant},
 longbooktitle = {PPDP '08: Proceedings of the 10th international ACM SIGPLAN conference on Principles and practice of declarative programming},
 booktitle = {PPDP '08: 10th int. ACM SIGPLAN conf. on Principles and practice of declarative programming},
 year = {2008},
 noisbn = {978-1-60558-117-0},
 pages = {44--55},
 location = {Valencia, Spain},
 ee  = {http://doi.acm.org/10.1145/1389449.1389456},
 nodoi = {10.1145/1389449.1389456},
 publisher = {ACM},
 noaddress = {New York, NY, USA}
 , pdf  = "/Users/jno/PS/SO08/p44-silva.pdf"
 , note = {\bibliometrics{DBLP, AR=47\%, CORE B}}
}

@book{BM97,
   KEY = "BM97",
   AUTHOR = "R. Bird and O. de Moor",
   TITLE = {Algebra of Programming},
   longPUBLISHER = "Prentice-Hall International",
   PUBLISHER = "Prentice-Hall",
   SERIES = "Series in Computer Science",
   urlAtOxford   = {http://progtools.comlab.ox.ac.uk/members/oege/publications/aop97},
   noeditor   = "C.A.R. Hoare, series editor",
   YEAR = "1997"
}

@article{MO12a,
  dblp="journals/jlp/MuO12",
  longauthor    = {Shin-Cheng Mu and Jos{\'e} Nuno Oliveira},
  author    = {S.-C. Mu and J.N. Oliveira},
  title     = {{Programming from Galois connections}},
  longjournal   = {Journal of Log. Algebraic Programming},
  journal   = {JLAP},
  publisher   = {Elsevier, North-Holland},
  volume    = {81},
  number    = {6},
  year      = {2012},
  pages     = {680-704},
  nopdf       = {/Users/jno/PS/MO12a/1-s2.0-S1567832612000525-main.pdf},
  noee        = {http://dx.doi.org/10.1016/j.jlap.2012.05.003},
  nodoi = {10.1016/j.jlap.2012.05.003},
  nobibsource = {DBLP, http://dblp.uni-trier.de},
  nonote = {\bibliometrics{ISIWS,DBLP}}
}

@misc{Ol20,
  author={J.N. Oliveira},
  title={Biproducts of {Galois} connections},
  note={Contributed talk to the IFIP WG 2.1 Meeting \#79, Otterlo (NL), January 2020},
  year={2020}
}

@book{Ba04a
, author    = "R.C. Backhouse"
, title     = "Mathematics of Program Construction"
, year = "2004"
, publisher = "Univ.\ of Nottingham"
, note= {Draft of book in preparation, available from the author's website. 608 pages}
}
